@book{VandewalleStefan2017AIS,
publisher = {SVB Janssen},
year = {2018},
title = {Analyse II: Handboek},
address = {Leuven},
author = {Vandewalle, Stefan and Beernaert, L},
keywords = {Analysis},
}

